@InProceedings{tosun2016design,
	title = {Design and Characterization of the EP-Face Connector},
	author = {Tosun, Tarik  and  Davey, Jay and  Liu, Chao and Yim, Mark},
	booktitle = {IROS},
	year = 2016,
	organization = {IEEE}
}